<?xml version="1.0" encoding="UTF-8"?><collection xmlns="http://www.loc.gov/MARC21/slim"><record><leader>00537nam--2200193-i-4500</leader><controlfield tag="001">000030520</controlfield><controlfield tag="002">20161230</controlfield><controlfield tag="005">20161230201038</controlfield><controlfield tag="008">060222s1000------------r-----000-0-eng-d</controlfield><datafield ind1=" " ind2=" " tag="020"><subfield code="a">8301008229</subfield></datafield><datafield ind1=" " ind2=" " tag="041"><subfield code="a">IFIN-HH</subfield></datafield><datafield ind1=" " ind2=" " tag="080"><subfield code="a">535.243</subfield></datafield><datafield ind1="1" ind2=" " tag="100"><subfield code="a">Scharf, Waldemar</subfield></datafield><datafield ind1="1" ind2="0" tag="245"><subfield code="a">Amplitude distribution spectrometers</subfield><subfield code="c">Waldemar scharf; waldemar lisieski</subfield></datafield><datafield ind1=" " ind2=" " tag="260"><subfield code="a">Warszawa</subfield><subfield code="b">Pwn-polish Scientific Publishers</subfield><subfield code="c">1980</subfield></datafield><datafield ind1=" " ind2=" " tag="300"><subfield code="a">X+568P</subfield></datafield><datafield ind1="1" ind2=" " tag="700"><subfield code="a">Lisieski, Waldemar</subfield></datafield><datafield ind1=" " ind2=" " tag="852"><subfield code="a">48379</subfield><subfield code="c">535.33</subfield></datafield><datafield ind1=" " ind2=" " tag="CAT"><subfield code="a">Sys</subfield><subfield code="c">20101216</subfield><subfield code="h">115429</subfield></datafield></record></collection>